@article{hawkins2022towards,
  title={Towards compact neural networks via end-to-end training: A Bayesian tensor approach with automatic rank determination},
  author={Hawkins, Cole and Liu, Xing and Zhang, Zheng},
  journal={SIAM Journal on Mathematics of Data Science},
  volume={4},
  number={1},
  pages={46--71},
  year={2022},
  publisher={SIAM}
}

@article{hawkins2021bayesian,
  title={Bayesian tensorized neural networks with automatic rank selection},
  author={Hawkins, Cole and Zhang, Zheng},
  journal={Neurocomputing},
  volume={453},
  pages={172--180},
  year={2021},
  publisher={Elsevier}
}

@article{roh2021sample,
  title={Sample selection for fair and robust training},
  author={Roh, Yuji and Lee, Kangwook and Whang, Steven and Suh, Changho},
  journal={Advances in Neural Information Processing Systems},
  volume={34},
  pages={815--827},
  year={2021}
}

@article{zhang2021fpga,
  title={On-{FPGA} training with ultra memory reduction: A low-precision tensor method},
  author={Zhang, Kaiqi and Hawkins, Cole and Zhang, Xiyuan and Hao, Cong and Zhang, Zheng},
  journal={arXiv preprint arXiv:2104.03420},
  year={2021}
}

@article{chen2022self,
  title={Self-Healing Robust Neural Networks via Closed-Loop Control},
  author={Chen, Zhuotong and Li, Qianxiao and Zhang, Zheng},
  journal={arXiv preprint arXiv:2206.12963},
  year={2022}
}

@article{yang2022hardware,
  title={Hardware-Efficient Mixed-Precision {CP} Tensor Decomposition},
  author={Yang, Zi and Shan, Junnan and Zhang, Zheng},
  journal={arXiv preprint arXiv:2209.04003},
  year={2022}
}

@article{sattler2019robust,
  title={Robust and communication-efficient federated learning from non-iid data},
  author={Sattler, Felix and Wiedemann, Simon and M{\"u}ller, Klaus-Robert and Samek, Wojciech},
  journal={IEEE transactions on neural networks and learning systems},
  volume={31},
  number={9},
  pages={3400--3413},
  year={2019},
  publisher={IEEE}
}

@article{li2020federated,
  title={Federated learning: Challenges, methods, and future directions},
  author={Li, Tian and Sahu, Anit Kumar and Talwalkar, Ameet and Smith, Virginia},
  journal={IEEE Signal Processing Magazine},
  volume={37},
  number={3},
  pages={50--60},
  year={2020},
  publisher={IEEE}
}

@inproceedings{lalitha2018fully,
  title={Fully decentralized federated learning},
  author={Lalitha, Anusha and Shekhar, Shubhanshu and Javidi, Tara and Koushanfar, Farinaz},
  booktitle={Third workshop on Bayesian Deep Learning (NeurIPS)},
  year={2018}
}

@article{DLRM19,
  author    = {Maxim Naumov and Dheevatsa Mudigere and Hao{-}Jun Michael Shi and Jianyu Huang and Narayanan Sundaraman and Jongsoo Park and Xiaodong Wang and Udit Gupta and Carole{-}Jean Wu and Alisson G. Azzolini and Dmytro Dzhulgakov and Andrey Mallevich and Ilia Cherniavskii and Yinghai Lu and Raghuraman Krishnamoorthi and Ansha Yu and Volodymyr Kondratenko and Stephanie Pereira and Xianjie Chen and Wenlin Chen and Vijay Rao and Bill Jia and Liang Xiong and Misha Smelyanskiy},
  title     = {Deep Learning Recommendation Model for Personalization and Recommendation Systems},
  journal   = {CoRR},
  volume    = {abs/1906.00091},
  year      = {2019},
  url       = {https://arxiv.org/abs/1906.00091},
}

@article{ArchImpl19,
  author    = {Udit Gupta and Xiaodong Wang and Maxim Naumov and Carole{-}Jean Wu and Brandon Reagen and David Brooks and Bradford Cottel and Kim M. Hazelwood and Bill Jia and Hsien{-}Hsin S. Lee and Andrey Malevich and Dheevatsa Mudigere and Mikhail Smelyanskiy and Liang Xiong and Xuan Zhang},
  title     = {The Architectural Implications of Facebook's DNN-based Personalized Recommendation},
  journal   = {CoRR},
  volume    = {abs/1906.03109},
  year      = {2019},
  url       = {https://arxiv.org/abs/1906.03109},
}

@article{QuoRemTrick19,
  author    = {Hao{-}Jun Michael Shi and Dheevatsa Mudigere and Maxim Naumov and Jiyan Yang},
  title     = {Compositional Embeddings Using Complementary Partitions for Memory-Efficient Recommendation Systems},
  journal   = {CoRR},
  volume    = {abs/1909.02107},
  year      = {2019},
  url       = {https://arxiv.org/abs/1909.02107},
}

@article{uberfrauddetection,
  author    = {Xinyu Hu, Chengliang Yang, Ankur Sarda, Ankit Jain and Piero Molino},
  title     = {Fraud Detection: Using Relational Graph Learning to Detect Collusion},
  journal   = {Uber Engineering Blog},
  year      = {2021},
  url       = {https://www.uber.com/blog/fraud-detection},
}

@article{uberhumaninloop,
  author    = {Sergey Zelvenskiy, Garvit Harisinghani, Tiffany Yu, Edwin Ng and Robin Wei},
  title     = {Project RADAR: Intelligent Early Fraud Detection System with Humans in the Loop},
  journal   = {Uber Engineering Blog},
  year      = {2022},
  url       = {https://www.uber.com/blog/project-radar-intelligent-early-fraud-detection},
}

@article{ubermastermind,
  author    = {Yifu Diao},
  title     = {https://www.uber.com/blog/mastermind},
  journal   = {Uber Engineering Blog},
  year      = {2017},
  url       = {https://www.uber.com/blog/mastermind},
}